@ARTICLE{bowman:reasoning,
	AUTHOR = "Mic Bowman and Saumya K. Debray and Larry L. Peterson",
	TITLE = "Reasoning About Naming Systems",
	JOURNAL = "ACM Trans. Program. Lang. Syst.",
	VOLUME = {15},
	NUMBER = {5},
	PAGES = {795-825},
	MONTH = "November",
	YEAR = {1993}	}

@ARTICLE{braams:babel,
	AUTHOR = "Johannes Braams",
	TITLE = "Babel, a Multilingual Style-Option System for Use with LaTeX's Standard Document Styles",
	JOURNAL = {TUGboat},
	VOLUME = {12},
	NUMBER = {2},
	PAGES = {291-301},
	MONTH = "June",
	YEAR = {1991}	}

@INPROCEEDINGS{clark:pct,
	AUTHOR = "Malcolm Clark",
	TITLE = "Post Congress Tristesse",
	BOOKTITLE = "TeX90 Conference Proceedings",
	PAGES = "84-89",
	ORGANIZATION = "TeX Users Group",
	MONTH = "March", 
	YEAR = {1991}	}

@ARTICLE{herlihy:methodology,
	AUTHOR = "Maurice Herlihy",
	TITLE = "A Methodology for Implementing Highly Concurrent
	Data Objects",
	JOURNAL = {ACM Trans. Program. Lang. Syst.},
	VOLUME = {15},
	NUMBER = {5},
	PAGES = {745-770},
	MONTH = "November",
	YEAR = {1993}	}

@BOOK{Lamport:LaTeX,
	AUTHOR = "Leslie Lamport",
	TITLE = "LaTeX User's Guide and Document Reference Manual",
	PUBLISHER = "Addison-Wesley Publishing Company",
	ADDRESS = "Reading, Massachusetts",
	YEAR = "1986"	}

@BOOK{salas:calculus,
	AUTHOR = "S.L. Salas and Einar Hille",
	TITLE = "Calculus: One and Several Variable",
	PUBLISHER = "John Wiley and Sons",
	ADDRESS = "New York",
	YEAR = "1978"	}

@TECHREPORT{johnson79yacc,
    author = {Stephen C. Johnson},
    title = {Yacc: Yet Another Compiler-Compiler},
    institution = {Bell Laboratories},
    year = {1979},
    address = {Murray Hill, NJ}
}

@Book{aho72parsing,
  author =       {Alfred V. Aho and Jeffrey D. Ullman},
  editor =       {George Forsythe},
  title =        {The Theory of Parsing, Translation, and Compiling},
  publisher =    {Prentice Hall},
  year =         {1972},
  volume =       {I: Parsing},
  series =       {Series in Automatic Computation},
  address =      {Englewood Cliffs, New Jersey},
  isbn =         {0-13-914556-7}
}

@book{aho86compiler,
 author = {Aho, Alfred V. and Sethi, Ravi and Ullman, Jeffrey D.},
 title = {Compilers: Principles, Techniques, and Tools},
 year = {1986},
 isbn = {0-201-10088-6},
 publisher = {Addison-Wesley Longman Publishing Co., Inc.},
 address = {Boston, MA, USA},
}

@article{DeRemer82lalr,
 author = {DeRemer, Frank and Pennello, Thomas},
 title = {Efficient Computation of LALR(1) Look-Ahead Sets},
 journal = {ACM Trans. Program. Lang. Syst.},
 issue\_date = {Oct. 1982},
 volume = {4},
 number = {4},
 month = oct,
 year = {1982},
 issn = {0164-0925},
 pages = {615--649},
 numpages = {35},
 url = {http://doi.acm.org/10.1145/69622.357187},
 doi = {10.1145/69622.357187},
 acmid = {357187},
 publisher = {ACM},
 address = {New York, NY, USA},
}

@article{kristensen81lalr,
 author = {Kristensen, Bent Bruun and Madsen, Ole Lehrmann},
 title = {Methods for Computing LALR(K) Lookahead},
 journal = {ACM Trans. Program. Lang. Syst.},
 issue\_date = {Jan. 1981},
 volume = {3},
 number = {1},
 month = jan,
 year = {1981},
 issn = {0164-0925},
 pages = {60--82},
 numpages = {23},
 url = {http://doi.acm.org/10.1145/357121.357126},
 doi = {10.1145/357121.357126},
 acmid = {357126},
 publisher = {ACM},
 address = {New York, NY, USA},
} 

@PHDTHESIS{parr93ll,
author = {Terence Parr},
title={Obtaining practical variants of LL(k) and LR(k) for k > 1 by splitting the atomic k-tuple},
school={Purdue University},
year={1993},
month=aug,
}

@misc{antlr,
  title = {ANTLR},
  howpublished = {\url{http://www.antlr.org}}
}

@book{donnelly03bison,
  title={Bison Manual: Using the YACC-compatible Parser Generator},
  author={Donnelly, C. and Stallman, R.},
  series={GNU manual},
  url={https://books.google.com/books?id=RdUqmgEACAAJ},
  year={2003},
  publisher={Free Software Foundation}
}

@misc{gnu:bison,
  title = {GNU Bison},
  howpublished = {\url{http://www.gnu.org/software/bison}},
}

@TECHREPORT{pager08terminal,
 author = {Pager, David},
 title = {Evaluating Terminal Heads Of Length K},
 month = nov,
 year = {2008},
 institution = {University of Hawaii, Information and Computer Sciences Department},
}

@article{Chen11Edge,
    author = {X. Chen and D. Pager},
    title = {The Edge-Pushing LR(k) Algorithm},
    publisher = {Proceedings of International Conference on Software Engineering Research and Practice},
    year = {2011},
    month = jul,
    pages = {490-495},
    address = {Las Vegas},
}
